@misc{kill,
    author       = "Фонд защиты гласности; Центр экстремальной журналистики",
    title        = "Журналисты погибшие в России - Убийство",
    howpublished = "\href{http://journalists-in-russia.org/jir/rjournalists/index/incident:%D0%A3%D0%B1%D0%B8%D0%B9%D1%81%D1%82%D0%B2%D0%BE}{http://journalists-in-russia.org/jir/rjournalists/index/incident:Убийство}"
}
