@booklet{bitcoin,
    author       = "Satoshi Nakamoto",
    title        = "Bitcoin: A Peer-to-Peer Electronic Cash System",
    url          = {http://bitcoin.org/bitcoin.pdf}
}
@booklet{tor,
    author       = "Roger Dingledine and Nick Mathewson and Paul Syverson",
    title        = "Tor: The Second-Generation Onion Router",
    url          = {https://svn.torproject.org/svn/projects/design-paper/tor-design.pdf}
}
@misc{rsf,
    author       = "{Репортеры без границ}",
    title        = "Handbook for Bloggers and Cyber-Dissidents",
    url          = {http://en.rsf.org/IMG/pdf/guide_gb_md-2.pdf}
}
@misc{gpg,
    author       = "{Free Software Foundation, Inc.}",
    title        = "Using the {GNU Privacy Guard}",
    url          = {http://www.gnupg.org/documentation/manuals/gnupg/}
}
@misc{ubuntu,
    title        = "Руководство по {U}buntu для новичков",
    url          = {http://help.ubuntu.ru/manual/pdf}
}
@misc{debian,
    title        = "Руководство по установке {Debian GNU/Linux}",
    url          = {http://www.debian.org/releases/stable/i386/index.html.ru}
}
@conference{privacyisdead,
    author    = "{Стив Рамбам}",
    title     = "Анонимности нет, смиритесь (часть 1)",
    booktitle = "Hackers On Planet Earth",
    year      = "2008",
    url       = {https://www.universalsubtitles.org/ru/videos/YSEgofMg2wgv/ru/80608/}
}
@book{vvedenievkripto,
    author    = "{Филипп Циммерманн}",
    title     = "Введение в криптографию",
    publisher = "{PGP Corporation}",
    year      = "2004",
    url       = {https://pgpru.com/biblioteka/osnovy/vvedenievkripto}
}
@inproceedings{Eckersley:2010:UYW:1881151.1881152,
    author = {Eckersley, Peter},
    title = {How unique is your web browser?},
    booktitle = {Proceedings of the 10th international conference on Privacy enhancing technologies},
    series = {PETS'10},
    year = {2010},
    isbn = {3-642-14526-4, 978-3-642-14526-1},
    location = {Berlin, Germany},
    pages = {1--18},
    numpages = {18},
    url = {https://panopticlick.eff.org/browser-uniqueness.pdf},
    acmid = {1881152},
    publisher = {Springer-Verlag},
    address = {Berlin, Heidelberg},
} 

